% ok
@article{a, title={A Practical Logic Obfuscation Technique for Hardware Security - IEEE Journals & Magazine}, url={http://www.hardwaresecurity.cn/Jiliang@TVLSI2016.pdf}, journal={A Practical Logic Obfuscation Technique for Hardware Security - IEEE Journals & Magazine},year={2015}, month={Mar},publisher={IEEE},author={Jiliang Zhang}}

% pas de journal
@article{control, title={Comparative Analysis of Hardware Obfuscation for IP Protection}, url={https://dl.acm.org/citation.cfm?id=3060495},year={2017},month={May},publisher={ACM},author={Sarah Amir, Swarup Bhunia, Domenic Forte, Bicky Shakya, Mark Tehranipoor}}

% ok
@article{co_andr, title={Control flow obfuscation based protection method for Android applications}, url={https://ieeexplore.ieee.org/abstract/document/8233664/metrics#metrics}, journal={China Communications},year={2017},month={Dec},publisher={IEEE},author={Yong Peng,Guanyu Su,Bin Tian,Maohua Sun,Qi Li}}

% ok
@article{google, title={Data location obfuscation}, url={https://patents.google.com/patent/US9117094B2/en}, journal={Google Patents}, publisher={ United States Patent}, year={2015}, month={Aug}, author={Bertrand Raphael Anckaert, Marius H, Jakubowski, Ramarathnam Venkatesan, Chit Wei Saw}}

% ok
@article{kumarbehera_lalithabhaskari_2015, title={Different Obfuscation Techniques for Code Protection}, url={https://www.sciencedirect.com/science/article/pii/S1877050915032780}, journal={Procedia Computer Science}, publisher={Elsevier}, author={KumarBehera, Chandan and LalithaBhaskari, D.}, year={2015}, month={Nov}}

% ok
@article{intent, title={Hide-n-Seek: An Intent-aware Privacy Protection Plugin for Personalized Web Search}, url={https://www.cs.virginia.edu/~hw5x/paper/SIGIR2018-HnS.pdf}, journal={Google Patents}, publisher={ACM SIGIR},author={Puxuan Yu,Wasi Uddin Ahmad,Hongning Wang}, year={2018}, month={Jul}}

% pas de publisher
@article{obf_pri, title={Location Obfuscation for Location Data Privacy}, url={https://ieeexplore.ieee.org/document/7196527}, journal={Location Obfuscation for Location Data Privacy - IEEE Conference Publication}, publisher={XXX},author={Vaibhav Ankush Kachore, J. Lakshmi, S.K. Nandy}, year={2015}, month={August}}

% pas de publisher
@article{You_yim, title={Malware Obfuscation Techniques: A Brief Survey}, url={http://citeseerx.ist.psu.edu/viewdoc/download?doi=10.1.1.452.9461&rep=rep1&type=pdf}, journal={2010 International Conference on Broadband, Wireless Computing, Communication and Applications}, author={Ilsun You, Kangbin Yim}}

% ok
@article{googleP, title={Obfuscation for protection of streaming media and other data flows}, url={https://patentimages.storage.googleapis.com/45/a2/a0/2c761f7259b8a3/US20160218872A1.pdf}, journal={Google Patents}, publisher={United States Patent Application Publication}, year={2016}, author={Lex Aaron Anderson}}

% pas de publisher, journal
@article{Bin_obf, title={On the Effectiveness of Source Code Transformations for Binary Obfuscation}, url={https://biblio.ugent.be/publication/374659/file/496495}, author={Matias Madou, Bertrand Anckaert, Bruno De Bus, Koen De Bosschere}}

% ok 
@article{fan_2019, title={Practical Image Obfuscation with Provable Privacy}, DOI={10.1109/icme.2019.00140}, journal={2019 IEEE International Conference on Multimedia and Expo (ICME)}, author={Fan, Liyue}, year={2019}}

% ok
@article{protecting2, title={Partial or complete image obfuscation and recovery for privacy protection}, url={https://patentimages.storage.googleapis.com/9c/0a/f7/a22fa8e65cb70f/US20160294781A1.pdf}, journal={Google Patents}, publisher={United States Patent Application Publication}, year={2016}, month={Oct}, author={Jennifer Kate Ninan}}

% ok
@article{yamada_miyagi_ichikawa, title={Program Obfuscation Method using Entropy}, url={http://bncss.org/index.php/bncss/article/view/92/96}, journal={Bulletin of Networking, Computing, Systems, and Software}, author={Yamada, Chikatoshi and Miyagi, Kei and Ichikawa, Shuichi}, publisher={Bulletin of Networking, Computing, Systems, and Software}, year={2018}}

% ok
@article{protecting, title={Protecting Million-User iOS Apps with Obfuscation: Motivations, Pitfalls, and Experience - IEEE Conference Publication}, url={https://ieeexplore.ieee.org/abstract/document/8449256}, journal={Protecting Million-User iOS Apps with Obfuscation: Motivations, Pitfalls, and Experience - IEEE Conference Publication}}

% ok
@misc{piao_jung_yi_2014, title={Server‐based code obfuscation scheme for APK tamper detection}, url={https://onlinelibrary.wiley.com/doi/full/10.1002/sec.936}, journal={Wiley Online Library}, publisher={John Wiley & Sons, Ltd}, author={Piao, Yuxue and Jung, Jin‐Hyuk and Yi, Jeong Hyun}, year={2014}, month={Mar}}

% pas de journal
@article{Bin, title={Sofware Protection on the Go: A Large-Scale Empirical Study on Mobile App Obfuscation}, url={https://par.nsf.gov/servlets/purl/10054132}, author={Pei Wang, Qinkun Bao, Li Wang,Shuai Wang,Zhaofeng Chen,Tao Wei,Dinghao Wu}, year={2018}}

% ok
@article{cu_sau, title={Obfuscation of Executable Code to Improve Resistance to Static Disassembly}, url={https://www2.cs.arizona.edu/solar/papers/CCS2003.pdf}, journal={Department of Computer Science University of Arizon}, author={Cullen Linn, Saumya Debra}, year={2003}}

% ok
@article{Popa, title={Techniques of Program Code Obfuscation for Secure Software}, url={http://citeseerx.ist.psu.edu/viewdoc/download?doi=10.1.1.870.4798&rep=rep1&type=pdf}, journal={Journal of Mobile, Embedded and Distributed Systems}, author={Marius Popa}}

% ok
@article{translingual2, title={Translingual Obfuscation}, url={http://www.hardwaresecurity.cn/Jiliang@TVLSI2016.pdf}, journal={College of Information Sciences and Technology
The Pennsylvania State University}, author={Pei Wang, Shuai Wang, Jiang Ming, Yufei Jiang, and Dinghao Wu}, year={2016},month={Jan}, publisher={IEEE}}

% ok
@article{Ba_lu, title={Unpacking Virtualization Obfuscators}, url={http://static.usenix.org/event/woot09/tech/full_papers/rolles.pdf}, publisher={USENIX Association Berkeley}, author={Rolf Rolles}, year={2019},month={August}}